@article{3s2b,
    author =       "Liu Xin and Liu Yuan'an and Li Shulan and Wu Fan and Wu Yongle",
    title =        {A Three-Section Dual-Band Transformer for Frequency-Dependent Complex Load Impedance},
    journal =      "IEEE Microwave Wireless Components Letters",
    volume =       "19",
    number =       "10",
    pages =        "611--612",
    year =         "October 2009",
    doi = "https://doi.org/10.1109/LMWC.2009.2029732",
    keywords =     "impedance matching,fdcl"
}
 
@book{pozar,
    author = "David M. Pozar",
    title = "Microwave Engineering",
    edition  = "Fourth Edition",
    publisher = "J. Wiley \& Sons",
    location = "Hoboken, New Jersey",
    year = "2012",
    chapter = "5 i 11.1",
    pages = "500--600",
    isbn={978-0-470-63155-3},
    keywords  = "pozar,microwave,engineering"

}
 
@book{mwave,
    author = "Samuel Silver and Hubert M. James i in.",
    title = "Microwave Antenna Theory and Design",
    edition  = "First Edition",
    publisher = "McGraw--Hill Book Company",
    location = "USA",
    year = "1949",
    keywords  = "antenna,microwave,engineering"

}
 
@online{knuthwebsite,
    author    = "Donald Knuth",
    title     = "Knuth: Computers and Typesetting",
    url       = "http://www-cs-faculty.stanford.edu/~uno/abcde.html",
    keywords  = "latex,knuth"
}

@online{hanower,
    author    = "Von Henning Kagermann and Wolf-Dieter Lukas",
    title     = "Industrie 4.0: Mit dem Internet der Dinge auf dem Weg zur 4. industriellen Revolution",
    url       = "http://www.vdi-nachrichten.com/Technik-Gesellschaft/Industrie-40-Mit-Internet-Dinge-Weg-4-industriellen-Revolution",
    keywords  = "hanower,industrie40",
    urldate = {2017-11-26}
}


